1CClientBankExchange
Получатель=ТОО "Рога и Копыта"
ДатаНачала=08.09.2016
ДатаКонца=08.09.2016
РасчСчет=KZ9999999F9999999999
СекцияРасчСчет
ДатаНачала=08.09.2016
ДатаКонца=08.09.2016
РасчСчет=KZ9999999F9999999999
НачальныйОстаток=4500
ВсегоПоступило=100000.00
ВсегоСписано=0
КонечныйОстаток=104500.00
КонецРасчСчет
СекцияДокумент=ПлатежноеПоручение
НомерДокумента=00001462
СекцияДокумент=Выписка
ПлательщикБанкБИК=KCJBKZKX
ПолучательНаименование=ТОО "Рога и Копыта"
ПолучательБИН_ИИН=888888888888
ПолучательКБЕ=17
ПолучательБанкНаименование=АО "ForteBank"
ДатаДокумента=07.09.2016
ПлательщикНаименование=ТОО "Магазин розница"
ПлательщикБИН_ИИН=999999999999
ПлательщикКБЕ=16
ПлательщикБанкНаименование=АО "Банк ЦентрКредит"
ДатаОперации=08.09.2016
ВидДокумента=ПлатежноеПоручение
ПолучательБанкБИК=IRTYKZKA
КодНазначениеПлатежа=710
КонецДокумента
КонецФайла
